
@misc{RealBookPodcast,
      title={The Real Book},
      author={99% Invisible},
      year={2021},
      url={https://podcasts.apple.com/us/podcast/the-real-book/id394775318?i=1000519252462},
}


@article{ComprehensiveReviewMusicTranscription,
author = {Bhattarai, Bhuwan and Lee, Joonwhoan},
year = {2023},
month = {10},
pages = {11882},
title = {A Comprehensive Review on Music Transcription},
volume = {13},
journal = {Applied Sciences},
doi = {10.3390/app132111882}
}

@misc{MelodyTranscriptionViaGenerativePreTraining,
      title={Melody transcription via generative pre-training}, 
      author={Chris Donahue, John Thickstun and Percy Liang},
      year={2022},
      eprint={2212.01884},
      archivePrefix={arXiv},
      primaryClass={cs.SD},
      url={https://arxiv.org/abs/2212.01884}, 
}

@misc{Jukebox,
      title={Jukebox: A Generative Model for Music}, 
      author={Prafulla Dhariwal and Heewoo Jun and Christine Payne and Jong Wook Kim and Alec Radford and Ilya Sutskever},
      year={2020},
      eprint={2005.00341},
      archivePrefix={arXiv},
      primaryClass={eess.AS},
      url={https://arxiv.org/abs/2005.00341}, 
}
